<record><leader>00000cas a22000007a 4500</leader><controlfield tag="001">9552237</controlfield><controlfield tag="008">830527d18571863mauwr ne      0    0eng d</controlfield><controlfield tag="009">3768</controlfield><datafield ind1=" " ind2=" " tag="010"><subfield code="a">sn 83020765 </subfield></datafield><datafield ind1=" " ind2=" " tag="040"><subfield code="a">NPX</subfield><subfield code="b">eng</subfield><subfield code="c">NPX</subfield><subfield code="d">MGN</subfield></datafield><datafield ind1="1" ind2=" " tag="029"><subfield code="a">AU@</subfield><subfield code="b">000025796765</subfield></datafield><datafield ind1=" " ind2=" " tag="042"><subfield code="a">msc</subfield></datafield><datafield ind1=" " ind2=" " tag="043"><subfield code="a">n-us-ma</subfield></datafield><datafield ind1="0" ind2="0" tag="245"><subfield code="a">Woburn weekly budget.</subfield></datafield><datafield ind1=" " ind2=" " tag="260"><subfield code="a">Woburn [Mass.] :</subfield><subfield code="b">H.N. Hastings,</subfield><subfield code="c">1857-1863.</subfield></datafield><datafield ind1=" " ind2=" " tag="300"><subfield code="a">v. ;</subfield><subfield code="c">55 cm.</subfield></datafield><datafield ind1=" " ind2=" " tag="310"><subfield code="a">Weekly</subfield></datafield><datafield ind1="0" ind2=" " tag="362"><subfield code="a">Vol. 1, no. 1 (Sept. 18, 1857)-v. 9, no. 12 (Dec. 18, 1863).</subfield></datafield><datafield ind1=" " ind2=" " tag="500"><subfield code="a">"Weekly" appears in the masthead ornament, 1857-Sept. 16, 1859.</subfield></datafield><datafield ind1=" " ind2=" " tag="500"><subfield code="a">Publishers: Hastings &amp; Parker, &lt;1859&gt;; Hastings &amp; Co., &lt;1861&gt;; Charles S. Parker, &lt;1862&gt;.</subfield></datafield><datafield ind1=" " ind2=" " tag="500"><subfield code="a">Editor: John L. Parker, &lt;1862&gt;.</subfield></datafield><datafield ind1="1" ind2=" " tag="700"><subfield code="a">Parker, John L.</subfield></datafield><datafield ind1=" " ind2=" " tag="752"><subfield code="a">United States</subfield><subfield code="b">Massachusetts</subfield><subfield code="c">Middlesex</subfield><subfield code="d">Woburn.</subfield></datafield></record>